<?xml version="1.0" encoding="UTF-8"?><collection xmlns="http://www.loc.gov/MARC21/slim"><record><leader>00447nam--2200169-i-4500</leader><controlfield tag="001">000041525</controlfield><controlfield tag="002">20161230</controlfield><controlfield tag="005">20161230201043</controlfield><controlfield tag="008">060222s1000------------r-----000-0-eng-d</controlfield><datafield ind1=" " ind2=" " tag="040"><subfield code="a">IFIN-HH</subfield></datafield><datafield ind1=" " ind2=" " tag="080"><subfield code="a">535-4</subfield></datafield><datafield ind1="1" ind2=" " tag="100"><subfield code="a">Shurcliff, William A</subfield></datafield><datafield ind1="1" ind2="0" tag="245"><subfield code="a">Polarized light</subfield><subfield code="b">Production and use</subfield><subfield code="c">William a. shurcliff</subfield></datafield><datafield ind1=" " ind2=" " tag="260"><subfield code="a">London</subfield><subfield code="b">Oxford University Press</subfield><subfield code="c">1962</subfield></datafield><datafield ind1=" " ind2=" " tag="300"><subfield code="a">207 P</subfield></datafield><datafield ind1=" " ind2=" " tag="852"><subfield code="a">19230</subfield><subfield code="c">535</subfield></datafield><datafield ind1=" " ind2=" " tag="CAT"><subfield code="a">Sys</subfield><subfield code="c">20101020</subfield><subfield code="h">133948</subfield></datafield></record></collection>